<?xml version="1.0" encoding="utf-8"?>
<record xmlns="http://www.loc.gov/MARC21/slim" xmlns:xsi="http://www.w3.org/2001/XMLSchema-instance" xsi:schemaLocation="http://www.loc.gov/MARC21/slim http://www.loc.gov/standards/marcxml/schema/MARC21slim.xsd">
	<leader>     nam a22     Mi 4500</leader>
	<controlfield tag="001">1547923</controlfield>
	<controlfield tag="003">NjP</controlfield>
	<controlfield tag="006">m        d        </controlfield>
	<controlfield tag="007">cr cn |||m|||a</controlfield>
	<controlfield tag="008">210212s1933    le c    o     000 0 ara d</controlfield>
	<datafield ind1=" " ind2=" " tag="040">
		<subfield code="a">ZYU</subfield>
		<subfield code="b">ara</subfield>
		<subfield code="e">rda</subfield>
		<subfield code="c">ZYU</subfield>
	</datafield>
	<datafield ind1="1" ind2=" " tag="041">
		<subfield code="a">ara</subfield>
		<subfield code="h">ger</subfield>
	</datafield>
	<datafield ind1=" " ind2=" " tag="043">
		<subfield code="a">ar-----</subfield>
	</datafield>
	<datafield ind1="1" ind2="4" tag="050">
		<subfield code="a">DS59 .G4 N6519 1933</subfield>
	</datafield>
	<datafield ind1=" " ind2="4" tag="082">
		<subfield code="a">917.4</subfield>
		<subfield code="b">N714p</subfield>
	</datafield>
	<datafield ind1="1" ind2=" " tag="100">
		<subfield code="a">Nöldeke, Theodor,</subfield>
		<subfield code="d">1836-1930.</subfield>
	</datafield>
	<datafield ind1="1" ind2="0" tag="245">
		<subfield code="6">880-01</subfield>
		<subfield code="a">ʼUmarāʼ Ghassān /</subfield>
		<subfield code="c">li-Thīwadūr Nūldakah, wa-hiyá risālatuhu : ʼUmarāʼ Ghassān min al-Jafnah al-latī nasharathā Ikadimiyat al-ʻUlūm al-Brūsiyāniyah fī Barlīn ; naqalah ilá al- ʻArabīyah wa-aḍāf ilayhā taṣḥiḥat muʼallifahā al-Bandalī Jawzī wa-Qusṭanṭīn Zurayq.</subfield>
	</datafield>
	<datafield ind1="1" ind2=" " tag="246">
		<subfield code="a">The princes of Ghassān from the house of Gafna</subfield>
	</datafield>
	<datafield ind1=" " ind2=" " tag="260">
		<subfield code="6">880-02</subfield>
		<subfield code="a">Bayrūt :</subfield>
		<subfield code="b">al-Maṭbaʻah al-Kāthulīkiyah,</subfield>
		<subfield code="c">1933.</subfield>
	</datafield>
	<datafield ind1=" " ind2=" " tag="300">
		<subfield code="a">online resource ([4], 82, 12 pages,) :</subfield>
		<subfield code="b">frontispiece (including portrait).</subfield>
	</datafield>
	<datafield ind1=" " ind2=" " tag="336">
		<subfield code="a">text</subfield>
		<subfield code="2">rdacontent</subfield>
	</datafield>
	<datafield ind1=" " ind2=" " tag="337">
		<subfield code="a">computer</subfield>
		<subfield code="2">rdamedia</subfield>
	</datafield>
	<datafield ind1=" " ind2=" " tag="338">
		<subfield code="a">online resource</subfield>
		<subfield code="2">rdacarrier</subfield>
	</datafield>
	<datafield ind1="1" ind2=" " tag="490">
		<subfield code="a">American University of Beirut. Faculty of Arts and Sciences. Publications: Oriental series,</subfield>
		<subfield code="v">no. 4</subfield>
	</datafield>
	<datafield ind1=" " ind2=" " tag="500">
		<subfield code="a">Part of the Arabic Collections Online (ACO) project, contributed by Princeton University Libraries.</subfield>
	</datafield>
	<datafield ind1=" " ind2=" " tag="533">
		<subfield code="a">Electronic reproduction.</subfield>
		<subfield code="b">New York, N.Y. :</subfield>
		<subfield code="c">New York University,</subfield>
		<subfield code="d">2021.</subfield>
		<subfield code="5">NNU</subfield>
	</datafield>
	<datafield ind1=" " ind2="0" tag="651">
		<subfield code="a">Ghassan (Kingdom) Arabia.</subfield>
	</datafield>
	<datafield ind1=" " ind2="0" tag="651">
		<subfield code="a">Arabian Peninsula</subfield>
		<subfield code="x">History.</subfield>
	</datafield>
	<datafield ind1=" " ind2="7" tag="651">
		<subfield code="a">Arabian Peninsula.</subfield>
		<subfield code="2">fast</subfield>
		<subfield code="0">(OCoLC)fst01240131</subfield>
	</datafield>
	<datafield ind1=" " ind2="7" tag="651">
		<subfield code="a">Ghassān.</subfield>
		<subfield code="2">nli</subfield>
	</datafield>
	<datafield ind1=" " ind2="7" tag="651">
		<subfield code="a">Arabian Peninsula</subfield>
		<subfield code="x">History.</subfield>
		<subfield code="2">nli</subfield>
	</datafield>
	<datafield ind1=" " ind2="7" tag="655">
		<subfield code="a">History.</subfield>
		<subfield code="2">fast</subfield>
		<subfield code="0">(OCoLC)fst01411628</subfield>
	</datafield>
	<datafield ind1="1" ind2=" " tag="700">
		<subfield code="a">Jousé, Pendali,</subfield>
		<subfield code="e">translator.</subfield>
	</datafield>
	<datafield ind1="1" ind2=" " tag="700">
		<subfield code="6">880-03</subfield>
		<subfield code="a">Zurayq, Qusṭanṭīn,</subfield>
		<subfield code="d">1909-</subfield>
		<subfield code="e">translator.</subfield>
	</datafield>
	<datafield ind1="1" ind2=" " tag="700">
		<subfield code="6">880-04</subfield>
		<subfield code="a">Zhuze, Panteleĭmon Krestovich,</subfield>
		<subfield code="d">1871-</subfield>
	</datafield>
	<datafield ind1="2" ind2=" " tag="710">
		<subfield code="a">Princeton University.</subfield>
		<subfield code="b">Library.</subfield>
	</datafield>
	<datafield ind1="0" ind2=" " tag="730">
		<subfield code="a">Arabic Collections Online.</subfield>
	</datafield>
	<datafield ind1="0" ind2="8" tag="776">
		<subfield code="i">Print version:</subfield>
		<subfield code="a">Nöldeke, Theodor, 1836-1930.</subfield>
		<subfield code="t">ʼUmarāʼ Ghassān</subfield>
		<subfield code="w">(NjP)1547923</subfield>
		<subfield code="w">(OCoLC)7497823</subfield>
	</datafield>
	<datafield ind1="2" ind2=" " tag="810">
		<subfield code="a">American University of Beirut.</subfield>
		<subfield code="b">Faculty of Arts and Sciences.</subfield>
		<subfield code="t">Publications: Oriental series ;</subfield>
		<subfield code="v">no. 4.</subfield>
	</datafield>
	<datafield ind1="4" ind2="0" tag="856">
		<subfield code="u">http://hdl.handle.net/2333.1/5hqbzwhk</subfield>
	</datafield>
	<datafield ind1="1" ind2="0" tag="880">
		<subfield code="6">245-01</subfield>
		<subfield code="a">أمراء غسان /</subfield>
		<subfield code="c">لثيودور نولدكة، وهيى رسالته : ءامراء غسان من الجفنة اللتي نشرثا اكدمية العلوم البروسيانية في برلين ؛ نقلة الى ال عربية واضاف اليها تصححة مؤلفها البندلي جوزي وقسطنطين زريق.</subfield>
	</datafield>
	<datafield ind1=" " ind2=" " tag="880">
		<subfield code="6">260-02</subfield>
		<subfield code="a">بيروت :</subfield>
		<subfield code="b">المطبعة الكاثوليكية،</subfield>
		<subfield code="c">1933.</subfield>
	</datafield>
	<datafield ind1="1" ind2=" " tag="880">
		<subfield code="6">700-03</subfield>
		<subfield code="a">زريق، قسطنطين،</subfield>
		<subfield code="d">1909-</subfield>
		<subfield code="e">translator.</subfield>
	</datafield>
	<datafield ind1="1" ind2=" " tag="880">
		<subfield code="6">700-04</subfield>
		<subfield code="a">جوزي، بندلي،</subfield>
		<subfield code="d">1871-</subfield>
	</datafield>
	<datafield ind1=" " ind2=" " tag="959">
		<subfield code="a">NNU</subfield>
		<subfield code="b">WEB</subfield>
		<subfield code="c">GENI</subfield>
		<subfield code="t">0</subfield>
		<subfield code="m">Electronic access</subfield>
		<subfield code="s">01</subfield>
	</datafield>
	<datafield ind1=" " ind2=" " tag="999">
		<subfield code="i">NjP_1547923</subfield>
		<subfield code="o">(OCoLC)ocm07497823</subfield>
		<subfield code="s">princeton_aco003970:</subfield>
		<subfield code="e">(ERROR-880)</subfield>
		<subfield code="s">princeton_aco003970:</subfield>
	</datafield>
</record>
